@book{allen1989computer,
  title={Computer simulation of liquids},
  author={Allen, Michael P and Tildesley, Dominic J},
  year={1989},
  publisher={Oxford university press}
}
