@article{altman1994statistics,
  title={Statistics Notes: Diagnostic tests 2: predictive values},
  author={Altman, Douglas G and Bland, J Martin},
  journal={Bmj},
  volume={309},
  number={6947},
  pages={102},
  year={1994},
  publisher={BMJ}
}
