@article{goodyear2008phage,
  title={Phage-display methodology for the study of protein-protein interactions: Overview},
  author={Goodyear, Carl S and Silverman, Gregg J},
  journal={Cold Spring Harbor Protocols},
  volume={2008},
  number={8},
  pages={pdb--top48},
  year={2008},
  publisher={Cold Spring Harbor Laboratory Press}
}
