@article{heinz2004fast,
  title={A fast pairlist-construction algorithm for molecular simulations under periodic boundary conditions},
  author={Heinz, Tim N and H{\"u}nenberger, Philippe H},
  journal={Journal of computational chemistry},
  volume={25},
  number={12},
  pages={1474--1486},
  year={2004},
  publisher={Wiley Online Library}
}
