@article{mattson1999near,
  title={Near-neighbor calculations using a modified cell-linked list method},
  author={Mattson, William and Rice, Betsy M},
  journal={Computer Physics Communications},
  volume={119},
  number={2},
  pages={135--148},
  year={1999},
  publisher={Elsevier}
}
